<record><leader>00000cas a22000007a 4500</leader><controlfield tag="001">18041884</controlfield><controlfield tag="008">880606d18871955paudn ne      0    0eng d</controlfield><datafield ind1=" " ind2=" " tag="010"><subfield code="a">sn 88079338 </subfield></datafield><datafield ind1=" " ind2=" " tag="040"><subfield code="a">NPH</subfield><subfield code="b">eng</subfield><subfield code="c">NPH</subfield><subfield code="d">OCLCQ</subfield></datafield><datafield ind1=" " ind2=" " tag="042"><subfield code="a">msc</subfield></datafield><datafield ind1="0" ind2=" " tag="130"><subfield code="a">Evening Republican (Meadville, Pa. : 1887)</subfield></datafield><datafield ind1="1" ind2="4" tag="245"><subfield code="a">The evening Republican.</subfield></datafield><datafield ind1="1" ind2="7" tag="246"><subfield code="a">Meadville daily Republican</subfield></datafield><datafield ind1=" " ind2=" " tag="260"><subfield code="a">Meadville, Pa. :</subfield><subfield code="b">Tribune Pub. Co.,</subfield><subfield code="c">-1955.</subfield></datafield><datafield ind1=" " ind2=" " tag="300"><subfield code="a">v.</subfield></datafield><datafield ind1=" " ind2=" " tag="310"><subfield code="a">Daily (except Sun.)</subfield></datafield><datafield ind1="1" ind2=" " tag="362"><subfield code="a">Began with Nov. 11, 1887 issue.</subfield></datafield><datafield ind1="0" ind2=" " tag="362"><subfield code="a">-v. 90, no. 208 (June 30, 1955).</subfield></datafield><datafield ind1=" " ind2=" " tag="580"><subfield code="a">Morning eds.: Daily tribune-Republican, 1887-1909; Daily tribune-Republican and Meadville morning star, 1909; Tribune-Republican and Meadville morning star, 1909-1911; Tribune-Republican (Meadville, Pa.), 1911-1955.</subfield></datafield><datafield ind1=" " ind2=" " tag="580"><subfield code="a">Weekly eds.: Weekly tribune Republican (Meadville, Pa.), 1887-1909; Weekly tribune-Republican and the Crawford journal, 1909; Crawford journal (Meadville, Pa. : 1909), 1909-1919.</subfield></datafield><datafield ind1=" " ind2=" " tag="588"><subfield code="a">Description based on: New ser., v. 1, no. 2 (Nov. 12, 1887).</subfield></datafield><datafield ind1=" " ind2=" " tag="752"><subfield code="a">United States</subfield><subfield code="b">Pennsylvania</subfield><subfield code="c">Crawford</subfield><subfield code="d">Meadville.</subfield></datafield><datafield ind1="1" ind2=" " tag="775"><subfield code="t">Daily tribune-Republican</subfield><subfield code="w">(DLC)sn 85038407</subfield></datafield><datafield ind1="1" ind2=" " tag="775"><subfield code="t">Daily tribune-Republican and Meadville morning star</subfield><subfield code="w">(DLC)sn 88079388</subfield></datafield><datafield ind1="1" ind2=" " tag="775"><subfield code="t">Tribune-Republican and Meadville morning star</subfield><subfield code="w">(DLC)sn 88079389</subfield></datafield><datafield ind1="1" ind2=" " tag="775"><subfield code="t">Tribune-Republican (Meadville, Pa.)</subfield><subfield code="w">(DLC)sn 88079390</subfield></datafield><datafield ind1="1" ind2=" " tag="775"><subfield code="t">Weekly tribune Republican (Meadville, Pa.)</subfield><subfield code="w">(DLC)sn 88079395</subfield></datafield><datafield ind1="1" ind2=" " tag="775"><subfield code="t">Weekly tribune-Republican and the Crawford journal</subfield><subfield code="w">(DLC)sn 88079396</subfield></datafield><datafield ind1="1" ind2=" " tag="775"><subfield code="t">Crawford journal (Meadville, Pa. : 1909)</subfield><subfield code="w">(DLC)sn 88079397</subfield></datafield><datafield ind1="0" ind2="7" tag="785"><subfield code="t">Tribune-Republican (Meadville, Pa.)</subfield><subfield code="w">(DLC)sn 88079390</subfield></datafield><datafield ind1="0" ind2="7" tag="785"><subfield code="t">Meadville tribune</subfield><subfield code="w">(DLC)sn 84007737</subfield></datafield></record>